@inproceedings{Desmarais2011,
  title={Conditions for effectively deriving a q-matrix from data with non-negative matrix factorization},
  author={Desmarais, Michel C and others},
  booktitle={4th International Conference on Educational Data Mining, EDM},
  pages={41--50},
  year={2011}
}

@article{Desmarais2012,
  title={A review of recent advances in learner and skill modeling in intelligent learning environments},
  author={Desmarais, Michel C and d Baker, Ryan SJ},
  journal={User Modeling and User-Adapted Interaction},
  volume={22},
  number={1-2},
  pages={9--38},
  year={2012},
  publisher={Springer}
}

@article{Cheng2009,
  title={When cognitive diagnosis meets computerized adaptive testing: CD-CAT},
  author={Cheng, Ying},
  journal={Psychometrika},
  volume={74},
  number={4},
  pages={619--632},
  year={2009},
  publisher={Springer}
}

@inproceedings{Xu2003,
  title={A simulation study to compare CAT strategies for cognitive diagnosis},
  author={Xu, Xueli and Chang, H and Douglas, Jeff},
  booktitle={annual meeting of the American Educational Research Association, Chicago},
  year={2003}
}

@article{Huebner2010,
  title={An Overview of Recent Developments in Cognitive Diagnostic Computer Adaptive Assessments.},
  author={Huebner, Alan},
  journal={Practical Assessment, Research \& Evaluation},
  volume={15},
  number={3},
  pages={n3},
  year={2010},
  publisher={ERIC}
}
